<record><leader>00000cas a22000007a 4500</leader><controlfield tag="001">10028260</controlfield><controlfield tag="008">831018d18881918nyuwr ne      0    0eng d</controlfield><datafield ind1=" " ind2=" " tag="010"><subfield code="a">sn 83031562 </subfield></datafield><datafield ind1=" " ind2=" " tag="040"><subfield code="a">NPU</subfield><subfield code="b">eng</subfield><subfield code="c">NPU</subfield><subfield code="d">NYG</subfield><subfield code="d">NYS</subfield><subfield code="d">OCLCQ</subfield></datafield><datafield ind1=" " ind2=" " tag="042"><subfield code="a">msc</subfield></datafield><datafield ind1="0" ind2="4" tag="245"><subfield code="a">The News gatherer.</subfield></datafield><datafield ind1=" " ind2=" " tag="260"><subfield code="a">Macedon, N.Y. :</subfield><subfield code="b">M. Allen Eddy,</subfield><subfield code="c">1888-1918.</subfield></datafield><datafield ind1=" " ind2=" " tag="300"><subfield code="a">33 v. :</subfield><subfield code="b">ill. ;</subfield><subfield code="c">61 cm.</subfield></datafield><datafield ind1=" " ind2=" " tag="310"><subfield code="a">Weekly</subfield></datafield><datafield ind1="0" ind2=" " tag="362"><subfield code="a">Vol. 1, no. 1 (Oct. 27, 1888)-v. 33, no. 31 (Apr. 12, 1918).</subfield></datafield><datafield ind1=" " ind2=" " tag="500"><subfield code="a">Published every Saturday.</subfield></datafield><datafield ind1=" " ind2=" " tag="580"><subfield code="a">Continues: News (Macedon, N.Y.).</subfield></datafield><datafield ind1=" " ind2="4" tag="651"><subfield code="a">Macedon (N.Y.)</subfield><subfield code="v">Newspapers.</subfield></datafield><datafield ind1=" " ind2=" " tag="752"><subfield code="a">United States</subfield><subfield code="b">New York</subfield><subfield code="c">Wayne</subfield><subfield code="d">Macedon.</subfield></datafield><datafield ind1="1" ind2="0" tag="780"><subfield code="t">News (Macedon, N.Y.)</subfield><subfield code="w">(DLC)sn 86034956</subfield><subfield code="w">(OCoLC)13350516</subfield></datafield><datafield ind1="1" ind2=" " tag="029"><subfield code="a">AU@</subfield><subfield code="b">000024692146</subfield></datafield></record>